Period,NationalTV1,NationalTV2,Magazine1,Magazine2,PaidSearch1,PaidSearch2,Display1,Display2,Facebook1,Facebook2,Wechat1,Wechat2,CCI,Sales Event,Comp Media Spend,Sales,DisplayAlwaysOnImpression,DisplayBrandingImpression,DisplayWebsiteImpression,DisplayHolidayImpression,SearchBrandingclicks,SearchAlwasyOnclicks,SearchWebsiteclicks,FacebookBrandingImpressions,FacebookHolidayImpressions,FacebookOtherImpressions
1/6/2014,42.22041075,0,0,0,290305.8,0,901201.608,36699907,426900.0681,0,195.8163155,0,81.2,0,30331,191228,20191419,6252594,10255894,0,103017,164915,54630,10912086,0,0
1/13/2014,46.00093856,11.25585004,3.554289474,10.29733028,287581.68,6460.583616,1090388.87,37155907,405474.6161,10912086,239.2727899,405.9,81.2,0,30331,200741,20377046,6954673,9824188,0,74678,108301,104300,10231860,0,0
1/20/2014,51.42059847,12.66209901,4.620576317,11.32706331,297038.268,6603.4373,1205437.76,41136934,382718.5903,10231860,285.0251109,456.39,81.2,0,30331,214381,21822504,5098543,14215887,0,76437,133055,88597,9519178,0,0
1/27/2014,51.57660047,13.78826984,4.940462369,11.43003661,383534.3268,6773.769939,1206426.874,39993325,179926.9061,9519178,274.5740897,547.839,81.6,0,30331,222694,19889110,0,20104215,0,82677,178666,131802,3705699,0,0
2/3/2014,43.14317517,13.84797146,5.706062146,14.48342374,405423.8327,8097.813257,1227294.059,41066571,388382.6847,3705699,311.5082587,511.0839,81.6,0,25199,224297,22439345,2282690,16344536,0,88491,250863,68502,9695603,0,0
2/10/2014,46.18549145,12.28714065,5.93574208,14.78876246,353422.8833,8423.508463,1049764.76,31835679,362897.8061,9695603,279.8707193,599.20839,81.6,0,25199,222128,13171416,8289094,10375169,0,98239,162350,87056,8906979,0,0
2/17/2014,45.38259263,12.86835713,6.004646059,14.81929633,349733.8883,7650.635429,1168372.925,39635317,313279.5618,8906979,312.5675846,516.220839,81.6,0,25199,226964,25204778,9519471,4911068,0,47941,194609,106774,7411653,0,0
2/24/2014,54.06738859,12.722115,6.025317253,14.82234972,348889.7888,7596.348577,1204702.796,40288150,341624.4252,7411653,295.0886967,599.7220839,80,0,25199,225147,23829032,9326058,7133060,0,68944,194390,85462,8259165,0,0
3/3/2014,44.59288023,14.28743732,5.36188465,11.77956525,364587.7789,7583.690455,1188794.735,39089888,259164.5111,8259165,267.2952626,551.3722084,80,0,25199,227055,24157382,0,14932506,0,87823,175811,102698,5847489,0,0
3/10/2014,50.21105682,12.55807349,5.16285487,11.4752868,373250.4779,7820.811292,1246700.625,42263951,339220.1377,5847489,261.7365758,489.8372208,80,0,25199,222326,22617281,0,19646670,0,99707,188083,86423,8186571,0,0
3/17/2014,43.82161388,13.60193219,5.103145935,11.44485896,357374.0478,7950.538697,1139346.715,36130922,258475.4681,8186571,325.5669145,483.6837221,80,0,25199,222850,21358437,0,14772485,0,86284,180448,88878,5828062,0,0
3/24/2014,53.29479641,12.42097246,5.085233255,11.44181617,326914.4048,7712.157545,1164590.007,38516795,0,5828062,363.4380975,636.0683722,80,0,25199,220453,21034294,0,17482501,0,111463,167011,45056,0,0,0
3/31/2014,50.55516914,14.14695986,5.079859451,11.4415119,299905.9405,7245.364897,1252235.831,42807961,285814.7096,0,396.254143,711.6068372,84.1,0,25199,220873,16259438,0,26548523,0,46402,187068,63435,6608543,0,0
4/7/2014,46.7276513,13.66827232,1.523957835,1.14415119,442186.994,6820.954921,1210283.65,39708555,0,6608543,301.0637137,780.3606837,84.1,0,28457,224793,21609847,0,18098708,0,87576,231537,138883,0,0,0
4/14/2014,43.59958662,12.9700913,0.457187351,0.114415119,309584.5994,8939.540478,1193684.454,39284513,445340.6683,0,307.687135,544.2360684,84.1,0,28457,209339,15619430,0,23665083,0,133636,72706,88509,11504439,0,0
4/21/2014,45.33653479,12.38526514,0.137156205,0.011441512,315132.5599,6960.819074,1363272.979,48400992,251279.1103,11504439,338.5198197,580.9236068,84.1,0,28457,214215,22230114,0,26170878,0,102603,130947,82199,5625945,0,0
4/28/2014,40.46204022,12.71348986,0.041146862,0.001144151,342123.056,7060.839944,1168954.856,36450578,405767.683,5625945,373.4765419,654.7923607,81.9,0,28457,209273,12291716,0,24158862,0,94800,154114,96208,10241105,0,0
5/5/2014,37.56486944,11.78119225,4.108252128,12.73868654,390540.3056,7479.743478,1243160.171,42286338,565991.8542,10241105,351.6777011,731.4792361,81.9,0,20182,216865,16040604,0,26245734,0,73464,241495,80961,15524325,0,0
5/12/2014,36.98543529,11.21366584,5.328383708,14.01244078,326342.1306,8205.035731,1127022.023,35542399,673623.49,15524325,376.1081181,669.8479236,81.9,0,20182,222892,24270365,0,11272034,0,62141,175114,81954,19298410,0,0
5/19/2014,38.31250921,11.10016055,5.694423182,14.1398162,308030.6131,7234.003569,1190686.916,39990383,244348.7651,19298410,352.2040163,732.9847924,81.9,0,20182,227541,13380153,0,26610230,0,94946,112880,98170,5432662,0,0
5/26/2014,37.13496324,11.36425457,5.804235024,14.15255374,354828.2613,6949.893785,1243584.767,42081063,357775.708,5432662,318.6765252,669.9984792,82.5,0,20182,223641,23270038,0,18811025,0,65621,216469,77938,8750111,0,0
6/2/2014,38.82172591,11.1302783,5.151431335,11.09263419,322930.2261,7672.136874,1185867.469,38538890,282178.7032,8750111,407.1911166,595.2998479,82.5,0,32450,218140,18866906,0,19671984,0,61905,178713,78768,6503622,0,0
6/9/2014,37.23680658,11.46454993,4.955590229,10.78664223,365325.4226,7183.202857,1221035.445,40954839,154192.2051,6503622,947.1704267,817.3299848,82.5,0,32450,223925,22452171,0,18502668,0,109219,160961,99856,3055470,0,0
6/16/2014,35.95349186,11.15033737,4.896837897,10.75604304,318240.6423,7830.673129,1192057.735,39089706,0,3055470,615.9158934,2198.532998,82.5,0,32450,213124,20749729,0,18339977,0,43222,168573,101214,0,0,0
6/23/2014,36.18044174,10.89281204,4.879212197,10.75298312,306832.5642,7109.11246,1225241.058,41109309,0,0,485.3063374,1183.7533,82.5,0,32450,210238,12860376,0,28248933,0,50027,175670,79868,0,0,0
6/30/2014,41.96406885,10.93900893,4.873924487,10.75267713,301851.4564,6931.264299,1098998.116,34310576,0,0,345.2969895,922.07533,81.8,0,32450,204931,25232198,0,9078378,0,118397,129822,53079,0,0,0
7/7/2014,43.59400086,12.06915329,4.872338174,10.75264653,362033.1456,6852.547348,1222639.691,41944702,600781.773,0,346.0417906,620.507533,81.8,1,15248,372945,21132085,14357754,6454863,0,65621,218449,84650,16726148,0,0
7/14/2014,42.49820269,12.38474232,4.87186228,10.75264347,386330.3146,7779.892005,1218267.015,40428792,121.16602,16726148,346.1907508,658.7507533,81.8,1,15248,258460,14738549,9211337,16478906,0,114280,163327,111423,402,0,0
7/21/2014,43.70082763,12.17753449,4.871719512,10.75264316,422095.1315,8143.971564,1179267.391,38459922,161943.7373,402,559.3655691,662.5750753,81.8,1,15248,255097,20811313,6909527,10739082,0,116867,183254,125948,3248667,0,0
7/28/2014,38.69446803,12.40641856,4.871676682,10.75264313,412580.2131,8664.556374,1218693.277,40901660,116635.3511,3248667,752.4417805,1191.257508,82.5,1,15248,259692,22348479,14426694,4126487,0,68719,246225,96579,2155449,0,0
8/4/2014,40.08982871,11.43498916,5.292990326,12.60041305,432946.1213,8528.03648,1208516.073,39964228,78488.19922,2155449,588.4216343,1633.825751,82.5,1,20150,252732,17405852,17312942,5245434,0,89118,235619,110472,1313728,0,0
8/11/2014,39.412699,11.71213953,5.41938442,12.78519004,368784.1121,8820.46775,1217835.653,40553043,146397.7399,1313728,365.1587192,1156.082575,82.5,1,20150,249098,19798269,10293422,10461352,0,77585,171690,112380,2863637,0,0
8/18/2014,38.79796195,11.58092218,5.457302648,12.80366774,414985.5112,7881.250603,1235298.671,41364728,102.2131303,2863637,294.844629,642.1082575,82.5,1,20150,250677,16729386,12785754,11849588,0,102956,169382,147781,325,0,0
8/25/2014,40.1105275,11.4604069,5.468678116,12.80551551,365607.4511,8561.384011,1100025.472,34261155,127.8717958,325,280.7818109,530.4108258,82.5,0,20150,215834,17111235,11182321,5967599,0,109652,156019,94450,430,0,0
9/1/2014,47.91831536,11.71722307,5.472090757,12.80570028,326672.1451,7834.54745,1201183.942,40815276,189.6959799,430,329.3759615,519.2410826,84.6,0,32525,213312,16928464,12449253,11437559,0,38218,166503,117625,704,0,0
9/8/2014,55.03440668,13.18232496,1.641627227,1.280570028,391050.8145,7241.009677,1168013.233,38057626,645604.584,704,364.1999069,639.6241083,84.6,0,32525,216456,14537185,13609584,9910857,0,163447,132745,102012,18300302,0,0
9/15/2014,55.53735497,14.4593643,0.492488168,0.128057003,379194.3815,8211.249385,1111337.875,35509285,556913.4361,18300302,396.4065049,711.9624108,84.6,0,32525,220809,13527219,5190665,16791401,0,86122,158661,133094,15213692,0,0
9/22/2014,57.01757171,14.55463823,0.14774645,0.0128057,353178.6381,8038.64219,1188980,40064446,307713.3318,15213692,327.5170229,780.3962411,84.6,0,32525,220991,20947155,10900283,8217008,0,79543,170278,100467,7247411,0,0
9/29/2014,52.69599512,14.81335372,0.044323935,0.00128057,415734.3638,7648.340002,1216294.22,40675937,157252.7983,7247411,342.4857973,606.3396241,86.9,0,32525,218782,23571974,0,17103963,0,96979,241247,84459,3131468,0,0
10/6/2014,45.26717952,14.05298823,0.013297181,0.000128057,364493.4364,8571.296804,1247531.261,42019602,535747.4615,3131468,345.4795521,657.3339624,86.9,0,35235,213361,18375731,0,23643871,0,97555,184512,76733,14494397,0,0
10/13/2014,45.19893024,12.69194915,0.003989154,1.28E-05,336095.3436,7817.610058,1218311.344,40172886,498039.1697,14494397,358.4557818,662.4333962,86.9,0,35235,212648,18105149,0,22067737,0,80692,162186,90062,13230595,0,0
10/20/2014,37.54591659,12.68683341,0.001196746,1.28E-06,316219.4344,7387.154465,1001154.632,29536589,630398.9455,13230595,370.0158709,692.6433396,86.9,0,35235,208313,14489061,0,15047528,0,69856,167397,76758,17763124,0,0
10/27/2014,37.46348582,11.20011125,0.000359024,1.28E-07,403696.3434,7078.929388,1086442.628,35938452,240151.3517,17763124,377.9156945,717.264334,88.8,0,35235,212960,14693573,0,21244879,0,60639,260730,92047,5316261,0,0
11/3/2014,32.58682092,11.1937277,4.224031143,13.3404201,366448.6343,8394.127008,1153465.846,38488870,540636.6627,5316261,607.1617213,733.2264334,88.8,0,35337,209319,16143168,14516918,7828784,0,97133,156230,108947,14659929,0,0
11/10/2014,30.62737448,10.19565994,5.491132778,14.67446209,401495.8634,7847.487591,1323229.783,46685554,428737.5844,14659929,690.6360367,1304.522643,88.8,0,35337,224771,18783601,16221845,11680108,0,93770,256154,55466,10970829,0,0
11/17/2014,29.74176076,9.78663213,5.871263269,14.80786629,325024.7863,8366.222437,1118196.103,34290500,165042.1326,10970829,867.4446854,1458.852264,88.8,1,35337,249513,20234482,5640792,8415226,0,67247,103746,145535,3326546,0,0
11/24/2014,31.04247591,9.598693458,5.985302416,14.82120671,335254.3786,7212.368183,1231343.45,42199166,830516.1976,3326546,1921.936051,1895.485226,88.8,1,35337,486625,25946277,10760253,5492636,0,85763,178989,71639,25071778,0,0
12/1/2014,24.31042878,9.876653092,6.01951416,14.82254076,295583.8379,7374.482595,1359549.788,47796221,940959.4902,25071778,1186.246866,4811.948523,93.6,1,35450,259259,29530083,7714006,10552132,0,90672,148454,52050,29306480,0,0
12/8/2014,35.29736965,8.375330618,5.63734157,13.00740281,307031.0838,6751.281932,1116566.661,33844477,544959.1473,29306480,917.7605171,2425.194852,93.6,1,35450,254975,20945687,6310091,6588699,0,88228,166203,53872,14806586,0,0
12/15/2014,40.83887645,10.72436434,5.522689793,12.82588901,406345.1084,6934.445023,1298843.122,45778923,814392.5465,14806586,864.0632474,1862.519485,93.6,1,35450,259412,20953523,13245775,11579625,0,146635,130733,140012,24464832,0,0
12/22/2014,41.9471778,11.84545889,5.48829426,12.80773763,276515.5108,8431.193786,1209735.596,39198834,1171326.942,24464832,853.3237935,1806.251949,93.6,0,35450,229423,16855657,10575216,11767961,0,19230,194546,48314,38534317,0,0
12/29/2014,42.64349192,12.0696778,5.4779756,12.8059225,274845.5511,6429.851206,1200464.067,39640330,1055241.088,38534317,458.901871,1800.625195,98.1,0,35450,230369,16533319,9340545,13766466,0,35203,144453,95004,33821247,0,0
1/5/2015,40.87963349,12.20518244,5.73930075,14.01916437,294724.2551,6415.955118,1101716.342,34696403,500244.2214,33821247,345.717868,803.7625195,98.1,0,35166,230010,10947260,16645699,7103444,0,79003,122757,95173,13303858,0,0
1/12/2015,42.42998306,11.86617818,5.817698295,14.14048856,336161.8255,6738.416388,1151913.053,38252230,0,13303858,332.5526732,622.1762519,98.1,0,35166,222221,22605133,0,15647097,0,54160,174227,112379,0,0,0
1/19/2015,44.15968451,12.16448251,5.841217558,14.15262098,303955.4826,7387.540989,1188106.419,39599333,0,0,371.5392408,626.5176252,98.1,0,35166,214672,16758457,0,22840876,0,78652,144267,77458,0,0,0
1/26/2015,41.65979198,12.49283521,5.848273337,14.15383422,379404.7483,6884.989394,1260874.822,43014669,0,0,365.9117883,726.8517625,95.4,0,35166,218453,19083393,0,23931276,0,96575,172969,118244,0,0,0
2/2/2015,41.15981348,12.0161134,5.449104151,12.3285427,359963.1748,8038.011992,1208079.641,39505335,431045.1175,0,408.1828911,704.4851763,95.4,0,30455,218490,20789509,0,18715826,0,99771,177661,80371,11044687,0,0
2/9/2015,34.30592904,11.92076903,5.329353396,12.14601355,338373.8175,7750.737133,1263006.824,42916816,452956.5556,11044687,373.2405184,807.5485176,95.4,0,30455,222664,25800645,0,17116171,0,48249,152441,135285,11750888,0,0
2/16/2015,37.77660796,10.54687061,5.293428169,12.12776063,406170.0817,7422.558977,1203393.831,39241417,375421.8564,11750888,409.6486371,712.5548518,95.4,0,30455,221865,20072766,0,19168651,0,115806,193501,104396,9292861,0,0
2/23/2015,35.57692591,11.25359658,5.282650601,12.12593534,367821.0082,8432.224712,1136493.027,36425874,410617.734,9292861,470.5893287,808.3554852,93,0,30455,221499,14983876,0,21441998,0,110347,175956,77257,10394345,0,0
3/2/2015,38.03080733,10.81502171,1.58479518,1.212593534,362654.1008,7868.213529,1309382.126,46127880,357901.4417,10394345,535.6228745,950.2355485,93,0,30234,224803,23854095,12767907,9505878,0,135039,170281,56760,8753955,0,0
3/9/2015,39.47939409,11.3072268,0.475438554,0.121259353,362411.9101,7791.781762,1242291.704,40775576,239388.8904,8753955,472.895316,1096.723555,93,0,30234,214701,21850038,10920646,8004892,0,30239,200637,131509,5295171,0,0
3/16/2015,45.92187157,11.59357444,0.142631566,0.012125935,356088.591,7788.268529,1182107.75,38359002,384482.2857,5295171,451.2231693,922.3723555,93,0,30234,209425,18109429,0,20249573,0,102323,151257,101806,9574044,0,0
3/23/2015,37.69050486,12.81616219,0.04278947,0.001212594,382504.8591,7692.880264,1122731.729,35943444,0,9574044,471.2916934,882.4372355,93,0,30234,213862,13008102,0,22935342,0,113060,190711,81669,0,0,0
3/30/2015,44.15471844,11.225977,0.012836841,0.000121259,341854.6859,8087.622549,1179816.838,39472576,0,0,499.8962033,938.7437236,95.9,0,30234,207935,22338620,7249414,9884542,0,71227,210940,55171,0,0,0
4/6/2015,36.36708904,12.48163224,0.003851052,1.21E-05,344086.9686,7475.113544,1208224.638,40352110,0,0,406.8672495,1005.574372,95.9,0,30240,206922,23509154,16842956,0,0,110553,165614,68168,0,0,0
4/13/2015,44.83027422,10.96142644,0.001155316,1.21E-06,368785.6969,7510.354702,1232668.174,41327803,445340.6683,0,413.0589634,769.2574372,95.9,0,30240,204897,22560425,10513602,8253776,0,125856,164164,81510,11504439,0,0
4/20/2015,42.27006126,12.60321429,0.000346595,1.21E-07,385629.4697,7883.477175,1213568.467,40081149,251279.1103,11504439,453.8463528,805.9257437,95.9,0,30240,215718,20863156,11444923,7773070,0,127400,210749,49352,5625945,0,0
4/27/2015,27.57106825,12.1299996,0.000103978,1.21E-08,332204.147,8134.05281,1143535.371,36680568,405767.683,5625945,489.9143315,906.7925744,90.7,0,30240,210550,20645604,5332697,10702267,0,59380,185190,81698,10241105,0,0
5/4/2015,30.60833741,9.063084272,3.831518515,11.52514873,360419.9147,7325.85894,1091835.486,34772169,565991.8542,10241105,469.2174264,986.1792574,90.7,0,30278,205895,14537450,14740737,5493982,0,128134,124780,110641,15524325,0,0
5/11/2015,28.24976003,9.769531255,4.980942876,12.67766361,355129.7915,7757.509322,1189596.969,40298609,673623.49,15524325,492.9885462,924.8179257,90.7,0,30278,219155,21203245,15298338,3797026,0,61822,188494,104226,19298410,0,0
5/18/2015,30.25256581,9.270787082,5.325770185,12.79291509,382425.1791,7678.306199,1117533.573,35604328,526512.7852,19298410,469.8322693,987.9817926,90.7,0,30278,220677,19924683,15679645,0,0,154946,165946,64566,5432662,0,8750111
5/25/2015,41.72420106,9.706830096,5.429218377,12.80444024,407072.4179,8086.404377,1283090.94,44932116,384001.8469,14182773,437.4222654,924.9981793,90.7,0,30278,223331,20365975,24566141,0,0,138437,156562,114812,6503622,0,3055470
6/1/2015,41.17269529,12.00130472,5.460252835,12.80559276,355627.1418,8447.895971,1167640.901,37200521,0,9559092,430.9402646,850.2998179,96.1,0,20262,227658,20902954,2913184,13384383,0,70180,178174,101557,0,0,0
6/8/2015,41.06239414,11.9178073,5.048236679,10.95793809,364347.1142,7684.108056,1129596.8,36438803,0,0,791.1493052,842.8299818,96.1,0,20262,225582,15691888,2576273,18170642,0,114812,110507,139997,0,0,0
6/15/2015,34.28644517,11.90110781,4.924631832,10.77317262,437082.3114,7817.136256,1124317.944,36557277,320600.275,0,584.7116691,1769.082998,96.1,0,20262,222355,16528657,16572679,3455941,0,135356,230474,79334,7628776,0,0
6/22/2015,20.30489699,10.54293837,4.887550378,10.75469608,372975.9311,8876.521299,1261097.091,43697798,0,7628776,570.9233433,1140.8083,96.1,0,20262,225081,22112680,7359230,14225888,0,60560,217414,87879,0,0,0
6/29/2015,27.18239118,7.358193422,4.876425941,10.75284842,376435.5931,7943.628925,1182397.159,38180793,770111.4506,0,457.6404802,1147.28083,93.1,0,20262,212266,11860779,0,26320014,0,95030,214934,66856,22813503,0,0
7/6/2015,28.55789002,9.005880608,5.558835852,13.81385697,304509.7593,7997.741987,1182190.676,38979450,626954.5639,22813503,462.7626561,872.528083,93.1,1,20412,376145,20793494,5822319,12363637,0,39049,177769,79700,17641889,0,0
7/13/2015,32.76131152,9.335418045,5.763558825,14.11995782,357969.9759,6890.62909,1032149.808,31411030,276110.9382,17641889,515.4487797,913.4528083,93.1,1,20412,252346,15072365,16338665,0,0,133956,222740,7214,6329283,0,0
7/20/2015,40.80631866,10.23220003,5.824975717,14.1505679,363225.9976,7718.787365,1211886.177,42081525,1010740.131,6329283,656.9991149,1046.245281,93.1,1,20412,256458,25950201,16131324,0,0,164693,199117,0,32047886,0,0
7/27/2015,41.46527015,11.83768688,5.843400785,14.15362891,355906.2998,7800.250933,1235670.085,41446146,1136189.849,32047886,879.9352623,1393.424528,91.9,1,20412,272601,20679110,18194008,2573028,0,142915,212178,0,37094851,0,0
8/3/2015,43.49424112,11.97689412,5.718187783,13.54890954,293185.03,7690.087779,1265629.622,42764802,1174123.189,37094851,770.1202886,1940.242453,91.9,1,20380,273482,20577941,16103010,6083851,0,105491,180725,0,38649340,0,0
8/10/2015,40.57208084,12.36629049,5.680623882,13.4884376,393673.603,6710.948544,1299671.868,44242065,725597.8362,38649340,635.3202954,1587.224245,91.9,1,20380,277213,20801234,10560731,12880100,0,177438,227401,0,21177270,0,0
8/17/2015,40.94227125,11.80538718,5.669354712,13.4823904,369567.4603,8245.353823,1218039.227,39619028,563642.9184,21177270,587.0910566,1261.222425,91.9,1,20380,265987,26005372,9907430,3706226,0,261581,105308,0,15443832,0,0
8/24/2015,41.96785677,11.87862379,5.665973961,13.48178569,364815.046,7894.49272,1304248.672,44988130,282228.0255,15443832,424.3062202,1174.622242,91.9,0,20380,234512,23927914,5340663,15719553,0,155102,209185,0,6505043,0,0
8/31/2015,40.74450646,12.07631078,5.664959736,13.48172521,352470.6046,7824.270747,1162872.518,36741713,792102.1568,6505043,441.5053502,786.1622242,87.2,0,20380,226099,20503840,8767854,7470019,0,115700,235399,0,23630695,0,0
9/7/2015,39.54363455,11.84040385,5.394110071,12.2613318,319103.4605,7637.991622,1175197.26,38820392,686940.9833,23630695,469.3481296,868.8162224,87.2,0,35225,225283,16372250,8563242,13884900,0,82023,169372,64001,19776493,0,0
9/14/2015,41.21273332,11.60657504,5.312855171,12.13929246,325759.446,7123.575407,1255822.354,42884885,773862.7393,19776493.2,579.7603041,937.3816222,87.2,0,35225,227697,17362064,0,25522821,0,50314,146314,129871,22952496,0,0
9/21/2015,45.79940308,11.93067175,5.288478702,12.12708852,315763.6446,7228.03846,1192359.954,38746931,1044060.181,22952496,641.9317928,1207.938162,87.2,0,35225,226737,22692427,7443991,8610513,0,82984,138328,93341,33373897,0,0
9/28/2015,47.18587337,12.79706335,5.281165761,12.12586813,347934.4645,7072.088869,1173392.518,38424293,912006.2751,33373896.6,591.2554677,1337.593816,90,0,35225,233519,14806047,0,23618246,0,74638,214562,62309,28183653,0,0
10/5/2015,46.05379214,13.05685997,1.584349728,1.212586813,355706.4464,7568.376419,1103170.647,35042484,754737.464,28183653,489.4856536,1189.459382,90,0,35320,231252,23987639,0,11054845,0,128921,187742,39907,22245639,0,0
10/12/2015,47.70524529,12.84780883,0.475304918,0.121258681,359450.9446,7687.007355,1158583.967,38579983,812048.297,22245639,475.6765119,945.1459382,90,0,35320,222784,17511042,10739552,10329389,0,160896,127600,71371,24376836,0,0
10/19/2015,46.15766652,13.15305457,0.142591476,0.012125868,339273.8945,7743.66402,1251488.443,42831786,803887.2788,24376835.4,476.1823619,936.9145938,90,0,35320,223026,15126985,17659951,10044850,0,97279,141616,98137,24070989,0,0
10/26/2015,30.3613254,12.86704775,0.042777443,0.001212587,367686.9894,7436.484173,1289081.879,43832292,612854.4023,24070989.6,476.283532,944.1914594,91.3,0,35320,222534,22929250,14045291,6857751,0,67254,230033,73557,17147335,0,0
11/2/2015,26.1984861,9.668536083,3.844320555,11.52526999,353726.1989,7866.868934,1161348.26,36818566,1066805.374,17147335.2,751.2197183,944.9191459,91.3,1,35334,243124,15043319,10697388,0,11077859,55406,155110,141659,0,34285185,0
11/9/2015,25.36591824,8.802358806,4.984783488,12.67767573,341035.1199,7656.951684,1074009.278,33698435,1434661.233,34285184.7,842.992128,1649.691915,91.3,1,35334,255674,18225744,5953518,0,9519173,36219,256212,47194,0,49651995,0
11/16/2015,26.70276598,8.62912335,5.326922368,12.79291631,341871.112,7463.650786,1106545.739,36219103,1808280.415,49651995.12,1018.413077,1817.369191,91.3,1,35334,266210,17283713,10133963,0,8801427,152491,126239,63234,0,66310488,0
11/23/2015,28.46196498,8.932397022,5.429564032,12.80444036,368075.4112,7476.577648,1128828.273,37021776,297333.9646,66310487.88,2098.530609,2255.336919,91.3,1,35334,290384,14316562,14985397,0,7719817,94768,224190,52029,0,6943135,0
11/30/2015,28.81380478,9.320721328,5.460356532,12.80559277,332929.1411,7872.800905,1141190.201,37425336,736528.1944,6943135.68,1340.898792,5279.933692,92.6,1,35334,479502,17319786,9202743,0,10902807,52341,203447,73236,0,21576784,0
12/7/2015,28.38811887,9.398386189,5.862030395,14.62097936,400399.3141,7338.192821,1287652.661,44923126,1055073.084,21576784.32,1106.034501,2795.993369,92.6,1,35197,259923,23974654,4569398,5982598,10396476,175352,180554,51990,0,33814516,0
12/14/2015,27.80571632,9.305768823,5.982532554,14.80251802,318785.2314,8348.069107,1204119.408,39024672,974967.3008,33814516.32,1094.885664,2320.799337,92.6,1,35197,262578,21340650,0,8222042,9461980,92061,191065,26591,0,30636389,0
12/21/2015,25.68736429,9.178034595,6.018683202,14.82067189,323838.5231,7114.205342,1218565.902,40636647,1024936.679,30636388.12,1128.317393,2370.479934,92.6,0,35197,233877,13278401,5771628,5872471,15714147,113381,185771,25248,0,32611539,0
12/28/2015,34.60993425,8.704258508,6.029528396,14.82248727,279635.4523,7197.751448,1207093.738,39891913,721980.9213,32611538.96,591.4342197,2472.647993,92,0,35197,226238,11896590,14908703,0,13086620,36235,180857,57632,0,21045398,0
1/4/2016,38.79521947,10.59827909,5.363147993,11.77957901,320489.6452,6493.686743,1274891.594,43552326,503118.2434,21045398.4,429.6320933,1059.964799,92,0,35237,226205,22299033,1697908,19555385,0,57530,182053,85446,13399469,0,0
1/11/2016,41.53844641,11.4517849,5.163233872,11.47528818,327869.9645,7144.500764,1151846.865,36479469,605205.8595,13399468.8,410.9707904,785.4964799,92,0,35237,219642,17715708,0,18763761,0,72922,192899,62869,16880252,0,0
1/18/2016,40.65862439,11.99094301,5.103259636,11.4448591,344755.7965,7260.707108,1207186.933,40588625,593109.9681,16880251.2,453.4287182,791.349648,92,0,35237,222857,17297894,10057200,13233531,0,91926,160659,94047,16459590,0,0
1/25/2016,40.95957996,11.8233303,5.085267365,11.44181619,332168.5796,7520.462191,1192959.376,39279057,914935.1694,16459590.6,454.268423,905.3349648,92,0,35237,222294,21566792,6337619,11374646,0,110037,175289,45444,28296837,0,0
2/1/2016,41.01977107,11.88221241,5.079869684,11.4415119,369256.158,7327.273793,1080780.647,33720913,791333.4675,28296837.6,502.2532459,897.8334965,91.7,0,20310,234096,18079513,9308049,6333351,0,55197,243487,74693,23602033,0,0
2/8/2016,43.4051413,11.89398884,5.619868975,13.88272331,385776.4158,7889.971044,1076930.436,34653662,726147.9609,23602033.2,464.0333285,1015.88335,91.7,0,20310,232868,21850563,3744900,9058199,0,109683,205716,72213,21197341,0,0
2/15/2016,41.03196337,12.34970943,5.781868762,14.12684445,357569.1416,8136.175062,1091966.041,35450873,744027.3644,21197341.8,504.206227,908.888335,91.7,0,20310,236145,17952766,6119266,11378841,0,79145,194056,81234,19961602,0,1890144
2/22/2016,41.51039909,11.89508358,5.830468698,14.15125657,435638.6142,7714.714484,1134450.197,37457659,1049971.378,21851745.6,489.5008467,1016.988833,91.7,0,20310,237482,15733123,0,21724536,0,142935,193211,108167,27136804,0,6473453
2/29/2016,37.29182319,11.98837346,5.845048679,14.15369778,456235.4614,8855.443877,1202725.109,40537601,1178838.585,33610256.4,463.6709105,971.0988833,91,0,20310,245361,20774463,0,19763138,0,27246,309949,121329,35003091,0,3840370
3/7/2016,45.01522105,11.15812122,5.163675432,11.09274859,317426.2461,9149.65193,1238663.051,41697968,1082048.478,38843461.8,458.5049232,909.8098883,91,0,20429,243425,20001797,3768505,17927666,0,45508,196975,59520,34898632,0,0
3/14/2016,45.14853855,12.64255325,4.959263458,10.78665367,320389.7246,7084.471172,1193411.421,38977779,761511.3025,34898631.6,529.6342629,903.6809888,91,0,20429,241498,16341051,1121798,21514930,0,49955,184794,85970,22495489,0,0
3/21/2016,52.17578771,12.67695423,4.897939865,10.75604418,379410.1725,7143.169162,1245457.161,42150524,803546.0231,22495489.2,646.9386977,1083.068099,91,0,20429,239483,16904489,10727313,14518722,0,119719,153294,112955,24058218,0,0
3/28/2016,46.58065188,13.95516614,4.879542788,10.75298323,425330.7172,8039.667579,1119643.307,35146399,558592.9458,24058217.4,771.6689025,1363.80681,89,0,20429,243435,12060333,11631480,11454586,0,148601,247351,34481,15271064,0,0
4/4/2016,45.93274784,12.9394768,1.463862836,1.075298323,344054.6717,8710.323413,1206582.603,40891992,840381.3677,15271064.4,656.7952937,1655.580681,89,0,20349,235550,23070584,4769593,13051815,0,159822,175202,0,20386195,0,5058398
4/11/2016,41.53748467,12.8243322,0.439158851,0.107529832,321463.1672,7505.340696,1093346.1,34214158,1028315.251,25444593.6,596.0035027,1322.058068,89,0,20349,226663,18257343,6604730,9352085,0,157623,161330,0,25336560,0,7409408
4/18/2016,47.7370832,11.99000813,0.131747655,0.010752983,403200.1167,7160.433172,1158059.908,38654079,807407.9063,32745969,613.9133356,1192.405807,89,0,20349,231593,22111818,16496427,45834,0,206789,205493,0,21777086,0,2425748
4/25/2016,46.63448466,13.15220245,0.039524297,0.001075298,324975.6117,8387.51297,1201469.291,40227433,907347.9227,24202835.4,650.512748,1255.940581,94.7,0,20349,229997,14189822,26037611,0,0,198230,118054,0,24650429,0,3353393
5/2/2016,39.28119943,12.95436918,3.843344611,11.52525626,363282.6612,7211.056456,1124600.335,35841900,1046738.152,28003822.2,650.1262366,1346.894058,94.7,0,20112,231792,14987983,18057264,2796653,0,150892,216647,0,29916164,0,3564770
5/9/2016,30.97765167,11.54457928,4.984490705,12.67767436,336731.1661,7799.828513,1264927.423,43896817,1106577.914,33480934.2,705.1258384,1336.189406,94.7,0,20112,241510,23983970,13954303,5958544,0,178181,155600,0,32242468,0,3647865
5/16/2016,31.28965409,9.84315778,5.326834533,12.79291617,266480.6166,7397.051458,1216117.215,39879034,1636320.547,35890333.8,712.3108901,1477.318941,94.7,0,20112,237795,16258799,17433154,6187081,0,27640,167987,63048,35824137,0,22700062
5/23/2016,31.35205458,9.925545957,5.429537682,12.80444035,259694.0617,6275.380721,1190553.786,39062886,670192.2723,58524199.2,683.1249707,1481.531894,94.7,0,20112,245337,21365947,14368269,3328670,0,133079,118029,7832,19175614,0,0
5/30/2016,31.36453467,9.942023592,5.460348626,12.80559277,393727.4062,6167.18276,1219804.939,40842074,494069.6353,19175613.6,605.8817916,1402.753189,93.5,0,20112,233831,20539338,13443112,6859624,0,45385,223253,139982,13098912,0,0
6/6/2016,27.40269903,9.945319119,5.192394062,11.57788955,347299.6406,8240.426088,1113701.405,35105453,904431.4709,13098911.4,986.9085617,1212.175319,93.5,0,20278,231447,20039601,0,11367382,3698470,150046,135154,56941,0,27891353,0
6/13/2016,26.61033191,9.084190356,5.112007693,11.45511923,284300.8641,7556.693472,1119678.04,36482988,892331.6891,27891353,714.2491332,2238.017532,93.5,0,20278,227113,25421256,2159729,0,8902003,30620,178007,68674,0,27425711,0
6/20/2016,26.45185848,8.911964604,5.087891782,11.4428422,345140.9864,6567.440627,1166161.776,38799977,961875.7873,27425711,686.653192,1417.201753,93.5,0,20278,230074,14324806,14965329,0,9509842,82282,167286,102333,0,30123036,0
6/27/2016,25.41659272,8.877519454,5.080657009,11.4416145,335428.1986,7523.266763,1200100.167,40072496,1025197.177,30123036,573.1193254,1404.420175,90,1,20278,260017,18054990,2600980,10094241,9322285,107713,153821,72815,0,32621900,0
7/4/2016,23.6935825,8.64415548,5.48936465,13.27770809,314853.1199,7377.275526,1269145.216,43323424,1146324.009,32621900,577.4929742,1127.742018,90,1,20278,386822,19931849,0,5409589,17981986,60339,138887,113341,0,37508892,0
7/11/2016,23.34898045,8.248091833,5.611976942,13.46131745,302055.912,7057.518268,1196275.064,38811294,1187113.796,37508892,578.367704,1168.474202,90,1,20278,262514,19398342,7394242,2814589,9204121,128312,172322,0,0,39184602,0
7/18/2016,28.77980639,8.168879103,5.64876063,13.47967839,385629.0912,6855.667717,1296445.547,44805270,1091848.715,39184602,875.6461839,1172.54742,90,1,20278,272092,25551663,13269112,5984495,0,165163,229752,0,35234853,0,59326
7/25/2016,39.53536379,9.381275963,5.659795736,13.48151448,340939.5091,8129.372844,1266807.13,42189419,1100580.787,35294179,931.4037145,1948.754742,89.8,1,20278,271261,23374992,9055019,9759408,0,145982,189992,0,35647363,0,0
8/1/2016,41.21107917,11.57684122,5.921862157,14.68857153,360750.7509,7460.408698,1238826.237,41038258,1175544.025,35647363,808.6653326,2016.475474,89.8,1,20111,273290,27452140,7332233,6253885,0,267454,95498,0,38707812,0,0
8/8/2016,44.38771017,11.92472499,6.000482083,14.80927724,433816.5751,7762.806087,1232707.763,41011072,1234530.548,38707812,667.0090539,1668.647547,89.8,1,20111,278687,15248117,25762955,0,0,126248,291419,24268,41150707,0,0
8/15/2016,42.65694455,12.53338857,6.02406806,14.82134781,312757.9575,8829.942404,1217845.52,40302452,1180090.431,41150707,609.3907054,1330.564755,89.8,0,20111,248145,20115095,20187357,0,0,133044,130623,35640,38895030,0,0
8/22/2016,41.83539532,12.20726374,6.031143854,14.82255486,314677.6958,7013.895493,998135.5591,29394047,677613.2997,38895030,515.2419582,1222.056475,89.8,0,20111,241001,12990602,16403445,0,0,100016,155181,59694,19441394,0,0
8/29/2016,43.09505957,12.05080949,6.033266592,14.82267557,337641.4696,7054.03596,1065084.052,34889468,885469.5474,19441394,540.9816699,1003.305648,91.2,0,20111,235764,18461601,16427867,0,0,192824,147369,0,27162331,0,0
9/5/2016,48.04859818,12.2915134,1.809979978,1.482267557,276336.647,7411.198564,1273785.153,44994891,878275.4647,27162331,569.9998791,1093.030565,91.2,0,20452,239160,22778260,22216631,0,0,71521,127611,70393,26886758,0,0
9/12/2016,41.00445289,13.21250351,0.542993993,0.148226756,446504.4647,6438.324869,1095979.04,33672534,860673.212,26886758,678.6896944,1162.303056,91.2,0,20452,234104,8541408,25131126,0,0,93746,234594,137072,26214879,0,0
9/19/2016,37.19063395,11.88099498,0.162898198,0.014822676,358691.9465,8994.646536,1163771.857,38920972,950989.8413,26214879,778.0191018,1432.930306,91.2,0,20452,231884,14997082,23923890,0,0,99582,194651,54702,29697497,0,0
9/26/2016,35.94425733,11.13664552,0.048869459,0.001482268,376062.8946,7725.423773,1270889.688,43798070,1064261.504,29697497,771.799318,1662.493031,87.2,0,20452,231120,22679165,21118905,0,0,138158,214195,25640,34183021,0,0
10/3/2016,37.14315397,10.89007367,0.014660838,0.000148227,361334.4895,7991.610491,1254161.361,41795403,1006263.052,34183021,687.3371327,1617.049303,87.2,0,20379,232262,21756717,20038686,0,0,154996,124747,79955,31870539,0,0
10/10/2016,42.15661129,11.13172018,0.004398251,1.48E-05,355592.9489,7771.831274,1126909.052,35425438,796758.9924,31870539,665.5474997,1396.50493,87.2,0,20379,228704,20605759,14819679,0,0,38649,210828,105478,23804481,0,0
10/17/2016,40.78225737,12.10769554,0.001319475,1.48E-06,302996.9949,7685.365881,1174695.711,39165152,806929.1033,23804481,661.5395397,1361.850493,87.2,0,20379,225756,24662029,14503123,0,0,94548,128648,73957,24184896,0,0
10/24/2016,40.50738658,11.8466808,0.000395843,1.48E-07,314149.7995,6868.519141,1201969.129,40080898,792299.5168,24184896,661.7876929,1359.285049,87.2,0,20379,225467,15445625,24635273,0,0,107566,124427,83396,23638055,0,0
10/31/2016,31.71776317,11.79447786,0.000118753,1.48E-08,333639.4799,7046.529353,1115930.299,35398130,725161.3744,23638055,956.2350168,1361.728505,93.8,0,20379,229164,17815766,17582364,0,0,83177,193823,58805,21161348,0,0
11/7/2016,22.91071716,10.0002626,4.223959061,13.34042009,334914.348,7349.783528,1254072.327,43416115,2297151.129,21161348,1005.124591,2139.57285,93.8,1,30209,251620,24072380,12160148,0,7183587,87632,199810,47614,0,89430768,0
11/14/2016,21.14930795,8.032989459,5.491111154,14.67446209,373160.4348,7369.730277,1202673.667,39296458,2949545.944,89430768,1169.460606,2190.357285,93.8,1,30209,285803,18004946,10209837,0,11081675,141362,171032,65016,0,122000000,0
11/21/2016,20.79702611,7.639534831,5.871256782,14.80786629,419323.7435,7948.245273,1271571.271,43424026,1493499.509,122234544,2273.893446,2616.635729,93.8,1,30209,322095,23517593,8298272,0,11608161,100882,228285,95286,0,52210320,0
11/28/2016,21.23984767,7.560843905,5.98530047,14.82120671,368591.8743,8624.129939,1229116.137,40483958,1014899.604,52210320,1609.774732,5748.063573,98.2,1,30209,510070,21514688,7387558,0,11581712,109845,177466,75644,0,32212828,0
12/5/2016,21.32841198,7.669077854,5.627077463,13.0072694,346020.8874,7879.218809,1286357.406,43924614,1234963.132,32212828,1395.777499,3490.806357,98.2,1,40216,267773,21112188,12075711,0,10736715,108244,177656,57613,0,41168732,0
12/12/2016,21.34612484,7.690724643,5.519610561,12.82587567,353724.0887,7539.460148,1278380.697,42902022,1538198.302,41168732,1271.11621,3038.280636,98.2,0,40216,236810,16042707,11942552,0,14916763,57330,181939,115311,0,54170820,0
12/19/2016,26.39731752,7.695054001,5.48737049,12.8077363,397928.4089,7657.019147,1243095.457,41140024,1568741.03,54170820,1281.356094,2766.228064,98.2,0,40216,244350,17371186,14022321,0,9746517,70104,166658,166078,0,55518672,0
12/26/2016,32.32919702,8.855891631,5.477698469,12.80592236,332183.9409,8313.761512,1189224.747,38716581,1252752.573,55518672,697.7762275,2836.222806,98.5,0,40216,236749,18270584,12107278,0,8338719,122670,180419,21790,0,41911348,0
1/2/2017,40.24524192,10.13629475,5.337931691,12.19375152,392211.2941,7324.409855,1034304.18,31447922,426900.0681,41911348,611.6479094,1285.322281,98.5,0,40376,233825,15678323,15769599,0,0,165398,233483,0,10912086,0,0
1/9/2017,47.94525824,11.72784498,5.296001657,12.13253443,338391.0294,8228.497539,1115149.748,37061034,405474.6161,10912086,603.2721998,1207.632228,98.5,0,40376,222014,19430991,17630043,0,0,106713,172459,53239,10231860,0,0
1/16/2017,49.95127947,13.18444934,5.283422647,12.12641272,398292.3029,7420.894861,1112679.917,36112826,382718.5903,10231860,641.7297422,1222.363223,98.5,0,40376,224656,17984542,18128284,0,0,226040,172969,5939,9519178,0,0
1/23/2017,50.81790459,13.56001097,5.279648944,12.12580055,321909.0303,8317.775918,1284097.363,45036943,503173.3085,9519178,646.6164179,1326.436322,98.5,0,40376,224956,19238303,25798640,0,0,110090,161967,41365,9695603,3705699,0
1/30/2017,47.25064894,13.71893314,5.278516833,12.12573933,438894.603,7163.664417,1238396.471,40835980,589042.9996,13401302,694.7077199,1329.643632,96.3,0,40376,229248,17643233,23192747,0,0,114573,285288,52032,8906979,7411653,0
2/6/2017,47.0069862,13.06771532,5.2781772,12.12573321,315204.3603,8896.632691,1251026.92,41971240,524250.9323,16318632,646.6787678,1451.464363,96.3,0,40322,226290,26039140,7130748,8801352,0,131750,169711,0,8259165,5847489,0
2/13/2017,35.96374505,13.02447207,5.27807531,12.1257326,451283.136,7051.416539,1198776.343,39126842,521513.2939,14106654,691.5932111,1315.146436,96.3,0,40322,229012,19664808,12323449,7138585,0,161787,262713,41903,8186571,5828062,0
2/20/2017,37.6280329,10.86922412,5.278044743,12.12573254,375055.7136,9068.398681,1156901.142,37513323,554581.2568,14014633,675.4895303,1441.914644,96.3,0,40322,221711,15221909,12761282,9530132,0,117145,113667,135774,8525553,0,6608543
2/27/2017,33.11017287,11.22314304,5.278035573,12.12573253,354466.6714,7972.709529,1292238.175,44999642,501164.9141,15134096,647.7536358,1389.791464,96.9,0,40322,223614,15711595,14834683,14453364,0,105838,193735,52606,7262457,0,6072015
3/6/2017,43.23865204,10.30488212,4.9935715,10.88995207,369330.4671,7667.590366,1142586.691,35833418,459225.5098,13334472,622.5003787,1321.579146,96.9,0,40238,218939,16074950,19758468,0,0,108038,144141,118803,6196936,0,5757594
3/13/2017,38.60203291,12.29741326,4.908232278,10.76637402,370501.8467,7891.834955,1190537.425,39821507,453400.2495,11954530,775.6780807,1264.357915,96.9,0,40238,225026,16329197,23492310,0,0,151512,212110,7010,6492727,0,5272551
3/20/2017,41.02441299,11.4131881,4.882630511,10.75401622,391488.1847,7909.553281,1123915.266,35917978,340689.5645,11765278,904.6809976,1669.035791,96.9,0,40238,223225,17905101,18012877,0,0,192119,201701,0,6648000,0,1582923
3/27/2017,39.59961586,11.89199436,4.874949981,10.75278044,316145.4185,8220.307523,1189519.991,39962132,668862.3345,8230923,956.6877274,1970.503579,97,0,40238,220723,23377395,16584737,0,0,83387,205148,19239,15355917,0,3772143
4/3/2017,39.79315579,11.61689315,1.462484994,1.075278044,291458.9418,7073.827636,1072487.669,33340712,798024.5864,19128060,816.4706452,2070.850358,97,0,35488,222777,11787442,14540837,7012433,0,49562,165505,73649,17340552,0,6511203
4/10/2017,39.83186378,11.65550771,0.438745498,0.107527804,285192.2942,6685.605693,1118228.246,36828694,821682.7992,23851755,801.1217425,1681.285036,97,0,35488,218307,18735230,4550475,13542989,0,52611,131641,100244,16111612,0,8627280
4/17/2017,33.06049651,11.66323062,0.131623649,0.01075278,412705.8294,6585.482303,1114501.931,36174045,898095.3681,24738892,856.0280271,1675.628504,97,0,35488,222887,23575378,7764881,4833786,0,168483,233386,25005,16423559,0,11223763
4/24/2017,31.70622306,10.28956052,0.039487095,0.001075278,375850.9829,8519.086781,1203055.999,40762077,938299.5559,27647322,895.7943191,1828.06285,97,0,35488,224628,18508208,17421137,4832732,0,188074,183682,0,16576185,0,12626776
5/1/2017,31.43536837,10.01482651,0.011846128,0.000107528,401128.3983,7987.387148,1219382.32,40690118,905066.7239,29202961,893.2644908,1919.806285,97.1,0,40678,223050,19073806,21616312,0,0,244763,159174,0,18216251,0,9699592
5/8/2017,26.41329469,9.959879702,0.003553839,1.08E-05,302215.3398,8361.180672,1173619.592,38158495,978294.4744,27915843,887.0024838,1901.080629,97.1,0,40678,218418,18928806,12459704,6769985,0,62416,169627,59182,15061195,0,15705936
5/15/2017,25.40887996,8.86062753,0.001066152,1.08E-06,351942.734,6850.66014,1111154.302,35443312,1065933.606,30767131,875.5796402,1883.908063,97.1,0,40678,216370,11171885,16531363,7740064,0,78291,192225,86952,16293688,0,17956479
5/22/2017,25.20799701,8.640777095,0.000319845,1.08E-07,287611.8734,7627.448366,1251900.137,43352057,1571209.065,34250167,1035.214414,1855.190806,97.1,0,40678,220150,15564928,27787129,0,0,121863,125648,32953,37833438,0,17794437
5/29/2017,25.16782042,8.596807008,9.60E-05,1.08E-08,386726.2873,6620.840993,995703.9707,28944687,686012.4733,55627875,733.0226149,2287.019081,95,0,40678,222528,9622213,19322474,0,0,69638,227154,100947,0,0,19743085
6/5/2017,25.15978511,8.588012991,2.88E-05,1.08E-09,336676.1287,8143.111298,1203088.118,42002600,765547.1388,19743085,1169.836046,1445.501908,95,0,25455,225260,21348742,7121007,13532851,0,64582,199782,66751,22644614,0,0
6/12/2017,25.15817804,8.586254188,8.64E-06,1.08E-10,305891.5129,7394.338623,1240855.072,41808675,1258669.418,22644614,839.487457,2693.350191,95,0,25455,218561,28258525,0,7767853,5782297,48315,151580,102576,0,42158932,0
6/19/2017,26.16142771,8.585902427,2.59E-06,1.08E-11,362711.6513,6915.630704,1083784.842,33392162,554287.3778,42158932,799.8960104,1692.235019,95,0,25455,225621,22285051,0,8150644,2956467,59311,196611,113103,0,15124072,0
6/26/2017,25.35850656,8.812307018,7.77E-07,1.08E-12,329768.3651,7790.30784,1219650.343,41947489,888748.6814,15124072,685.9589341,1661.423502,93.4,0,25455,215622,27018266,1355942,7482435,6090846,65078,208231,52799,0,27288126,0
7/3/2017,28.68798717,8.631112993,3.965167781,12.13354664,454027.4365,7289.248709,1111117.457,34976690,466767.5753,27288126,689.7084416,1382.94235,93.4,1,25136,374403,17187620,9324691,0,8464379,145314,283710,38810,0,12200450,0
7/10/2017,36.17288133,9.367589631,5.154717882,13.34690131,355047.7437,9110.135522,1261143.295,43839445,485042.9427,12200450,690.4583431,1423.494235,93.4,1,25136,255052,16708300,14970843,0,12160302,197927,146123,0,0,12800450,0
7/17/2017,42.43576335,10.92281614,5.511582912,13.46823678,311232.3744,7669.938173,1191996.037,38673455,282686.4014,12800450,804.9773426,1427.549424,93.4,1,25136,256819,17084300,14780468,6808687,0,183845,122519,0,6518252,0,0
7/24/2017,33.08976647,12.15547489,5.618642421,13.48037032,349896.9374,6998.728018,1115593.217,35481918,286842.1625,6518252,931.3795005,1726.754942,93.4,1,25136,257818,19214118,14728624,1539176,0,55007,239192,59994,6638252,0,0
7/31/2017,42.29164119,10.28376766,5.650760274,13.48158368,380121.6937,7597.671105,1125636.859,36766940,1086998.995,6638252,782.1359891,2032.075494,96.8,1,25136,252185,11584540,12774768,12407632,0,104055,221060,58365,35098328,0,0
8/7/2017,30.08791057,12.11669224,5.791136152,14.08673049,351868.2694,8052.031608,1010117.711,30882888,401342.3176,35098328,650.0821267,1600.907549,96.8,1,25315,264036,17183626,0,13699262,0,87481,233596,27652,10101682,0,0
8/14/2017,29.1389939,9.6299108,5.833248915,14.14724517,308278.3269,7628.341152,1115782.178,37340221,544529.1026,10101682,599.9823675,1294.090755,96.8,1,25315,251769,16615320,0,20724901,0,114731,188704,0,14791982,0,0
8/21/2017,31.41236507,9.460224083,5.845882744,14.15329664,341638.3327,6952.803212,1211055.945,41165034,0,14791982,589.9624157,1203.109075,96.8,0,25315,225087,20201338,0,20963696,0,83256,248378,13711,0,0,0
8/28/2017,30.88508682,9.952298333,5.849672893,14.15390179,324199.6333,7472.00326,1158035.684,37445776,437962.2157,0,635.5614811,1194.010908,95.1,0,25315,217274,20158276,0,17287500,0,37731,224596,59935,11266676,0,0
9/4/2017,35.16676074,9.843132346,5.720069415,13.54893682,341728.3633,7203.577272,1226897.701,41550368,625887.9461,11266676,668.1241414,1314.601091,95.1,0,25300,223139,17702333,0,23848035,0,132324,177280,34072,17604380,0,0
9/11/2017,44.59020856,10.72907299,5.681188372,13.48844033,350162.8363,7474.1384,1147734.937,36758649,708100.109,17604380,698.3145468,1386.960109,95.1,0,25300,228336,15260479,0,21498170,0,60599,192313,98188,20540846,0,0
9/18/2017,46.47489813,12.5567436,5.669524059,13.48239068,347921.0836,7602.992055,1130696.988,36697280,587651.4641,20540846,665.6426413,1455.396011,95.1,0,25300,232646,19529463,12513792,4654025,0,117220,152799,77653,16270458,0,0
9/25/2017,52.90306509,12.92227772,5.666024765,13.48178571,321610.4084,7568.953921,1148279.196,37768825,664476.3702,16270458,685.645183,1362.339601,100.7,0,25300,233529,19636508,9893129,8239188,0,71340,123634,123713,18971402,0,0
10/2/2017,51.87309379,14.08560753,1.69980743,1.348178571,347703.7408,7163.052023,1270680.713,43950508,0,18971402,689.6456914,1421.43396,100.7,0,30478,237837,22425243,13879404,7645861,0,86915,195986,67702,0,0,0
10/9/2017,40.80990265,13.907439,0.509942229,0.134817857,279933.0741,7565.088879,1241172.187,41120064,689143.0042,0,686.2653345,1427.343396,100.7,0,30478,217322,27806645,7179324,6134095,0,103816,99241,69346,19855768,0,0
10/16/2017,31.28339231,11.83078601,0.152982669,0.013481786,367359.9074,6496.230513,1250568.854,41918267,0,19855768,678.264912,1417.13434,100.7,0,30478,221941,14280836,13128459,14508972,0,71303,166640,139131,0,0,0
10/23/2017,23.84869042,9.900399126,0.045894801,0.001348179,425620.5907,7856.400668,1259393.448,42281650,713516.5433,0,666.1822814,1397.213434,100.7,0,30478,210094,22035836,12575784,7670030,0,148720,210818,72556,20737436,0,0
10/30/2017,26.89783063,8.259318678,0.01376844,0.000134818,318718.9591,8713.341295,1233034.132,40814059,528752.2159,20737436,1030.707115,1368.221343,98.5,0,30478,217087,24240295,8326278,8247486,0,62417,173560,70864,14258218,0,0
11/6/2017,33.88569667,8.968744566,3.969298079,12.13356013,368756.2959,7109.858587,1135265.332,36062526,1186456.606,14258218,1139.169583,2340.022134,98.5,1,20322,250612,20768484,6499007,0,8795035,122120,172798,79398,0,39157488,0
11/13/2017,35.28326988,10.45649348,5.155956971,13.34690266,360746.9296,7880.824524,1209303.987,40871029,1020353.522,39157488,1428.92877,2534.402213,98.5,1,20322,276916,14032864,14195030,0,12643135,105241,204942,49674,0,32429357,0
11/20/2017,37.97207613,10.75404326,5.511954639,13.46823691,386112.593,7762.910062,1153637.377,37239004,704843.5298,32429356.8,2325.787079,3299.040221,98.5,1,20322,289094,20089321,8590333,0,8559350,106400,168515,114016,0,20422829,0
11/27/2017,35.61601954,11.29503112,5.618753939,13.48037034,311583.9593,8140.961177,1165337.675,38408351,295319.5174,20422828.8,1848.773667,5816.304022,95.9,1,20322,500342,18144076,8362705,0,11901570,64307,216052,22944,0,6884386,0
12/4/2017,45.14919666,10.82330862,5.909549617,14.68845712,274861.2959,7002.180164,1099208.052,34923918,524905.8213,6884385.6,1443.577286,4145.630402,95.9,1,20432,259286,16796553,7820616,0,10306749,130727,84631,55423,0,14128685,0
12/11/2017,44.70352723,12.66210902,5.996788321,14.8092658,270182.8296,6415.994547,1067861.384,34013004,1672158.844,14128684.8,1397.407278,3103.76304,95.9,1,20432,264517,19504487,6949128,0,7559389,79338,143008,47317,0,60130790,0
12/18/2017,40.3354387,12.59236051,6.022959932,14.82134666,380511.283,6340.846236,1106819.014,36295419,2188448.793,60130790.4,1537.925509,3096.776304,95.9,1,20432,291963,18884552,7699669,0,9711198,133091,144733,114946,0,84172550,0
12/25/2017,46.09308049,11.75696638,6.030811415,14.82255475,318164.4283,8049.565608,1182894.682,39796196,1020353.522,84172550.4,823.3999585,3517.27763,95.9,0,20432,265372,15529485,14365762,0,9900949,90555,142645,78037,0,32429357,0
